@article{doi:10.1137/17M1111991,
author = {Maboudi Afkham, B. and Hesthaven, J.},
title = {Structure Preserving Model Reduction of Parametric Hamiltonian Systems},
journal = {SIAM Journal on Scientific Computing},
volume = {39},
number = {6},
pages = {A2616-A2644},
year = {2017},
doi = {10.1137/17M1111991},

URL = { 
        https://doi.org/10.1137/17M1111991
    
},
eprint = { 
        https://doi.org/10.1137/17M1111991
    
}

}

@Article{MaboudiAfkham2018,
author="Babak Maboudi Afkham
and Jan S. Hesthaven",
title="Structure-Preserving Model-Reduction of Dissipative Hamiltonian Systems",
journal="Journal of Scientific Computing",
year="2018",
month="Feb",
day="05",
issn="1573-7691",
doi="10.1007/s10915-018-0653-6",
url="https://doi.org/10.1007/s10915-018-0653-6"
}

@misc{1803.07799,
Author = {Babak Maboudi Afkham and Ashish Bhatt and Bernard Haasdonk and Jan S. Hesthaven},
Title = {Symplectic Model-Reduction with a Weighted Inner Product},
Year = {2018},
Eprint = {arXiv:1803.07799},
}

@article{doi:10.1137/140978922,
author = {Peng, L. and Mohseni, K.},
title = {Symplectic Model Reduction of Hamiltonian Systems},
journal = {SIAM Journal on Scientific Computing},
volume = {38},
number = {1},
pages = {A1-A27},
year = {2016},
doi = {10.1137/140978922},

URL = { 
        https://doi.org/10.1137/140978922
    
},
eprint = { 
        https://doi.org/10.1137/140978922
    
}

}

@article{doi:10.1137/140959602,
author = {Kevin Carlberg and Ray Tuminaro and Paul Boggs},
title = {Preserving Lagrangian Structure in Nonlinear Model Reduction with Application to Structural Dynamics},
journal = {SIAM Journal on Scientific Computing},
volume = {37},
number = {2},
pages = {B153-B184},
year = {2015},
doi = {10.1137/140959602},

URL = { 
        https://doi.org/10.1137/140959602
    
},
eprint = { 
        https://doi.org/10.1137/140959602
    
}

}



@book{Edsberg:2008:ICM:1477735,
 author = {Edsberg, Lennart},
 title = {Introduction to Computation and Modeling for Differential Equations},
 year = {2008},
 isbn = {0470270853, 9780470270851},
 publisher = {Wiley-Interscience},
 address = {New York, NY, USA},
} 

@book{hesthaven2015certified,
  title={Certified Reduced Basis Methods for Parametrized Partial Differential Equations},
  author={Hesthaven, J.S. and Rozza, G. and Stamm, B.},
  isbn={9783319224695},
  series={SpringerBriefs in Mathematics},
  url={https://books.google.ch/books?id=3H7\_sgEACAAJ},
  year={2015},
  publisher={Springer International Publishing}
}

@book{quarteroni2015reduced,
  title={Reduced Basis Methods for Partial Differential Equations: An Introduction},
  author={Quarteroni, A. and Manzoni, A. and Negri, F.},
  isbn={9783319154312},
  lccn={2015930287},
  series={UNITEXT},
  url={https://books.google.ch/books?id=e6FnCgAAQBAJ},
  year={2015},
  publisher={Springer International Publishing}
}

@book{trefethen97,
  added-at = {2010-09-19T02:35:23.000+0200},
  author = {Trefethen, Lloyd N. and Bau, David},
  biburl = {https://www.bibsonomy.org/bibtex/2e45a2ed5ccc6dc12721cde613217c222/ytyoun},
  interhash = {1e7e7a44cbff3092be50a71fe056c8ec},
  intrahash = {e45a2ed5ccc6dc12721cde613217c222},
  isbn = {0898713617},
  keywords = {characteristic eigenvalues linear.algebra matrix numerical numerical.analysis polynomial secular.equation textbook},
  publisher = {SIAM},
  timestamp = {2017-11-25T07:18:16.000+0100},
  title = {Numerical Linear Algebra},
  year = 1997
}

@article{haasdonk2013convergence,
  title={Convergence rates of the pod--greedy method},
  author={Haasdonk, Bernard},
  journal={ESAIM: Mathematical Modelling and Numerical Analysis},
  volume={47},
  number={3},
  pages={859--873},
  year={2013},
  publisher={EDP Sciences}
}

@article{morinishi2010skew,
  title={Skew-symmetric form of convective terms and fully conservative finite difference schemes for variable density low-Mach number flows},
  author={Morinishi, Yohei},
  journal={Journal of Computational Physics},
  volume={229},
  number={2},
  pages={276--300},
  year={2010},
  publisher={Elsevier}
}

@phdthesis{blaisdell1991numerical,
  author       = {Gregory Allan Blaisdell}, 
  title        = {Numerical Simulations of Compressible Homogeneous Turbulence},
  school       = {Stanford University},
  year         = 1991,
}

@article{morinishi2003dns,
  title={A DNS algorithm using B-spline collocation method for compressible turbulent channel flow},
  author={Morinishi, Youhei and Tamano, Shinji and Nakabayashi, Koichi},
  journal={Computers \& fluids},
  volume={32},
  number={5},
  pages={751--776},
  year={2003},
  publisher={Elsevier}
}

@article{morinishi1998fully,
  title={Fully conservative higher order finite difference schemes for incompressible flow},
  author={Morinishi, Yohei and Lund, Thomas S and Vasilyev, Oleg V and Moin, Parviz},
  journal={Journal of computational physics},
  volume={143},
  number={1},
  pages={90--124},
  year={1998},
  publisher={Elsevier}
}

@article{desjardins2008high,
  title={High order conservative finite difference scheme for variable density low Mach number turbulent flows},
  author={Desjardins, Olivier and Blanquart, Guillaume and Balarac, Guillaume and Pitsch, Heinz},
  journal={Journal of Computational Physics},
  volume={227},
  number={15},
  pages={7125--7159},
  year={2008},
  publisher={Elsevier}
}

@article{binev2011convergence,
  title={Convergence rates for greedy algorithms in reduced basis methods},
  author={Binev, Peter and Cohen, Albert and Dahmen, Wolfgang and DeVore, Ronald and Petrova, Guergana and Wojtaszczyk, Przemyslaw},
  journal={SIAM Journal on Mathematical Analysis},
  volume={43},
  number={3},
  pages={1457--1472},
  year={2011},
  publisher={SIAM}
}

@article{quarteroni2011certified,
  title={Certified reduced basis approximation for parametrized partial differential equations and applications},
  author={Quarteroni, Alfio and Rozza, Gianluigi and Manzoni, Andrea},
  journal={Journal of Mathematics in Industry},
  volume={1},
  number={1},
  pages={3},
  year={2011},
  publisher={Springer}
}

@article{barthelmann2000high,
  title={High dimensional polynomial interpolation on sparse grids},
  author={Barthelmann, Volker and Novak, Erich and Ritter, Klaus},
  journal={Advances in Computational Mathematics},
  volume={12},
  number={4},
  pages={273--288},
  year={2000},
  publisher={Springer}
}

@phdthesis{amsallem2010interpolation,
  title={Interpolation on manifolds of {CFD}-based fluid and finite element-based structural reduced-order models for on-line aeroelastic predictions},
  author={Amsallem, David},
  year={2010},
  school={Stanford University}
}

@article{casenave2015nonintrusive,
  title={A nonintrusive reduced basis method applied to aeroacoustic simulations},
  author={Casenave, Fabien and Ern, Alexandre and Leli{\`e}vre, Tony},
  journal={Advances in Computational Mathematics},
  volume={41},
  number={5},
  pages={961--986},
  year={2015},
  publisher={Springer}
}

@article{barone2009stable,
  title={Stable {Galerkin} reduced order models for linearized compressible flow},
  author={Barone, Matthew F and Kalashnikova, Irina and Segalman, Daniel J and Thornquist, Heidi K},
  journal={Journal of Computational Physics},
  volume={228},
  number={6},
  pages={1932--1946},
  year={2009},
  publisher={Elsevier}
}

@article{iollo2000stability,
  title={Stability properties of {POD}--{Galerkin} approximations for the compressible {Navier}--{Stokes} equations},
  author={Iollo, Angelo and Lanteri, St{\'e}phane and D{\'e}sid{\'e}ri, J-A},
  journal={Theoretical and Computational Fluid Dynamics},
  volume={13},
  number={6},
  pages={377--396},
  year={2000},
  publisher={Springer}
}

@article{ballarin2015supremizer,
  title={Supremizer stabilization of {POD}--{Galerkin} approximation of parametrized steady incompressible Navier--Stokes equations},
  author={Ballarin, Francesco and Manzoni, Andrea and Quarteroni, Alfio and Rozza, Gianluigi},
  journal={International Journal for Numerical Methods in Engineering},
  volume={102},
  number={5},
  pages={1136--1161},
  year={2015},
  publisher={Wiley Online Library}
}

@article{couplet2005calibrated,
  title={Calibrated reduced-order {POD}-{Galerkin} system for fluid flow modelling},
  author={Couplet, M and Basdevant, C and Sagaut, P},
  journal={Journal of Computational Physics},
  volume={207},
  number={1},
  pages={192--220},
  year={2005},
  publisher={Elsevier}
}

@article{buffa2012priori,
  title={A priori convergence of the greedy algorithm for the parametrized reduced basis method},
  author={Buffa, Annalisa and Maday, Yvon and Patera, Anthony T and Prud{'}homme, Christophe and Turinici, Gabriel},
  journal={ESAIM: Mathematical Modelling and Numerical Analysis},
  volume={46},
  number={3},
  pages={595--603},
  year={2012},
  publisher={EDP Sciences}
}

@article{hesthaven2014efficient,
  title={Efficient greedy algorithms for high-dimensional parameter spaces with applications to empirical interpolation and reduced basis methods},
  author={Hesthaven, Jan S and Stamm, Benjamin and Zhang, Shun},
  journal={ESAIM: Mathematical Modelling and Numerical Analysis},
  volume={48},
  number={1},
  pages={259--283},
  year={2014},
  publisher={EDP Sciences}
}

@article{liang2002proper,
  title={{Proper orthogonal decomposition and its applications{-}Part {I}: Theory}},
  author={Liang, YC and Lee, HP and Lim, SP and Lin, WZ and Lee, KH and Wu, CG},
  journal={Journal of Sound and Vibration},
  volume={252},
  number={3},
  pages={527--544},
  year={2002},
  publisher={Elsevier}
}

@article{barrault2004empirical,
  title={An {'}empirical interpolation{'} method: application to efficient reduced-basis discretization of partial differential equations},
  author={Barrault, Maxime and Maday, Yvon and Nguyen, Ngoc Cuong and Patera, Anthony T},
  journal={Comptes Rendus Mathematique},
  volume={339},
  number={9},
  pages={667--672},
  year={2004},
  publisher={Elsevier}
}

@incollection{benner2015reduced,
  title={Reduced-order modeling and {ROM}-based optimization of batch chromatography},
  author={Benner, Peter and Feng, Lihong and Li, Suzhou and Zhang, Yongjin},
  booktitle={Numerical Mathematics and Advanced Applications-ENUMATH 2013},
  pages={427--435},
  year={2015},
  publisher={Springer}
}

@article{chaturantabut2010nonlinear,
  title={Nonlinear model reduction via discrete empirical interpolation},
  author={Chaturantabut, Saifon and Sorensen, Danny C},
  journal={SIAM Journal on Scientific Computing},
  volume={32},
  number={5},
  pages={2737--2764},
  year={2010},
  publisher={SIAM}
}

@article{lieu2006reduced,
  title={Reduced-order fluid/structure modeling of a complete aircraft configuration},
  author={Lieu, T and Farhat, C and Lesoinne, M},
  journal={Computer Methods in Applied Mechanics and Engineering},
  volume={195},
  number={41-43},
  pages={5730--5742},
  year={2006},
  publisher={Elsevier}
}

@article{peherstorfer2014localized,
  title={Localized discrete empirical interpolation method},
  author={Peherstorfer, Benjamin and Butnaru, Daniel and Willcox, Karen and Bungartz, Hans-Joachim},
  journal={SIAM Journal on Scientific Computing},
  volume={36},
  number={1},
  pages={A168--A192},
  year={2014},
  publisher={SIAM}
}

@article{negri2015efficient,
  title={Efficient model reduction of parametrized systems by matrix discrete empirical interpolation},
  author={Negri, Federico and Manzoni, Andrea and Amsallem, David},
  journal={Journal of Computational Physics},
  volume={303},
  pages={431--454},
  year={2015},
  publisher={Elsevier}
}

@article{berkooz1993proper,
  title={The proper orthogonal decomposition in the analysis of turbulent flows},
  author={Berkooz, Gal and Holmes, Philip and Lumley, John L},
  journal={Annual Review of Fluid Mechanics},
  volume={25},
  number={1},
  pages={539--575},
  year={1993},
  publisher={Annual Reviews 4139 El Camino Way, PO Box 10139, Palo Alto, CA 94303-0139, USA}
}

@article{chatterjee2000introduction,
  title={An introduction to the proper orthogonal decomposition},
  author={Chatterjee, Anindya},
  journal={Current Science},
  pages={808--817},
  year={2000},
  publisher={JSTOR}
}

@book{quarteroni2014reduced,
  title={Reduced order methods for modeling and computational reduction},
  author={Quarteroni, Alfio and Rozza, Gianluigi and others},
  volume={9},
  year={2014},
  publisher={Springer}
}

@book{hesthaven2016certified,
  title={Certified reduced basis methods for parametrized partial differential equations},
  author={Hesthaven, Jan S and Rozza, Gianluigi and Stamm, Benjamin and others},
  year={2016},
  publisher={Springer}
}

@inproceedings{maday2006reduced,
  title={Reduced basis method for the rapid and reliable solution of partial differential equations},
  author={Maday, Yvon},
  booktitle={Proceedings of the International Congress of Mathematicians: Madrid, Spain},
  pages={1255--1269},
  year={2006}
}

@article{benner2015survey,
  title={A survey of projection-based model reduction methods for parametric dynamical systems},
  author={Benner, Peter and Gugercin, Serkan and Willcox, Karen},
  journal={SIAM Review},
  volume={57},
  number={4},
  pages={483--531},
  year={2015},
  publisher={SIAM}
}

@article{harvazinski2015coupling,
  title={Coupling between hydrodynamics, acoustics, and heat release in a self-excited unstable combustor},
  author={Harvazinski, Matthew E and Huang, Cheng and Sankaran, Venkateswaran and Feldman, Thomas W and Anderson, William E and Merkle, Charles L and Talley, Douglas G},
  journal={Physics of Fluids},
  volume={27},
  number={4},
  pages={045102},
  year={2015},
  publisher={AIP Publishing}
}

@article{frezzotti2018quasi,
  title={Quasi-{1D} modeling of heat release for the study of longitudinal combustion instability},
  author={Frezzotti, Maria L and Nasuti, Francesco and Huang, Cheng and Merkle, Charles L and Anderson, William E},
  journal={Aerospace Science and Technology},
  volume={75},
  pages={261--270},
  year={2018},
  publisher={Elsevier}
}

@article{HESTHAVEN201855,
title = "Non-intrusive reduced order modeling of nonlinear problems using neural networks",
journal = "Journal of Computational Physics",
volume = "363",
pages = "55 - 78",
year = "2018",
issn = "0021-9991",
author = "Jan S. Hesthaven and S. Ubbiali"
}

@inproceedings{xu2017reduced,
  title={Reduced-Order Modeling of Model Rocket Combustors},
  author={Xu, Jiayang and Duraisamy, Karthik},
  booktitle={53rd AIAA/SAE/ASEE Joint Propulsion Conference},
  pages={4918},
  year={2017}
}

@article{guo2017reduced,
  title={Reduced order modeling for nonlinear structural analysis using Gaussian process regression},
  author={Guo, Mengwu and Hesthaven, Jan S},
  journal={accepted by Computer Methods in Applied Mechanics and Engineering},
  volume={},
  number={},
  pages={},
  year={2018},
  publisher={Elsevier}
}

@article{frezzotti2017numerical,
  title={Numerical issues in modeling combustion instability by quasi-1{D} Euler equations},
  author={Frezzotti, Maria Luisa and D{'}Alessandro, Simone and Favini, Bernardo and Nasuti, Francesco},
  journal={International Journal of Spray and Combustion Dynamics},
  volume={9},
  number={4},
  pages={349--366},
  year={2017},
  publisher={SAGE Publications Sage UK: London, England}
}

@article{xiu2009fast,
  title={Fast numerical methods for stochastic computations: a review},
  author={Xiu, Dongbin},
  journal={Communications in Computational Physics},
  volume={5},
  number={2-4},
  pages={242--272},
  year={2009}
}

@article{selle2014prediction,
  title={Prediction and analysis of combustion instabilities in a model rocket engine},
  author={Selle, Laurent and Blouquin, Rodolphe and Th{\'e}ron, Marie and Dorey, Luc-Henry and Schmid, Martin and Anderson, William},
  journal={Journal of Propulsion and Power},
  volume={30},
  number={4},
  pages={978--990},
  year={2014},
  publisher={American Institute of Aeronautics and Astronautics}
}

@article{yu2012spontaneous,
  title={Spontaneous longitudinal combustion instability in a continuously-variable resonance combustor},
  author={Yu, Yen and Sisco, James C and Rosen, Stanford and Madhav, Ajay and Anderson, William E},
  journal={Journal of Propulsion and Power},
  volume={28},
  number={5},
  pages={876--887},
  year={2012}
}

@article{smith2008computational,
  title={Computational investigation of acoustics and instabilities in a longitudinal-mode rocket combustor},
  author={Smith, R and Ellis, M and Xia, G and Sankaran, V and Anderson, W and Merkle, CL},
  journal={AIAA Journal},
  volume={46},
  number={11},
  pages={2659--2673},
  year={2008}
}


@techreport{huang2016investigation,
  title={{Investigation of the Stability of POD-Galerkin Techniques for Reduced Order Model Development}},
  author={Huang, Cheng and Anderson, William E and Merkle, Charles L and Sankaran, Venkateswaran},
  year={2016},
  institution={AFRL/RQR Edwards AFB United States}
}

@inproceedings{yu2009experimental,
  title={Experimental study of high-frequency combustion instability in a continuously variable resonance combustor ({CVRC})},
  author={Yu, Yen and O'Hara, Loral and Sisco, James and Anderson, William},
  booktitle={47th AIAA Aerospace Sciences Meeting Including the New Horizons Forum and Aerospace Exposition},
  pages={234},
  year={2009}
}

@article{sisco2011examination,
  title={Examination of mode shapes in an unstable model combustor},
  author={Sisco, James C and Yu, YC and Sankaran, Venkateswaran and Anderson, William E},
  journal={Journal of Sound and Vibration},
  volume={330},
  number={1},
  pages={61--74},
  year={2011},
  publisher={Elsevier}
}

@article{xiu2005high,
  title={High-order collocation methods for differential equations with random inputs},
  author={Xiu, Dongbin and Hesthaven, Jan S},
  journal={SIAM Journal on Scientific Computing},
  volume={27},
  number={3},
  pages={1118--1139},
  year={2005},
  publisher={SIAM}
}

@inproceedings{frezzotti2015parametric,
  title={{Parametric Analysis of Response Function in Modeling Combustion Instability by a Quasi-1D Solver}},
  author={Frezzotti, ML and Nasuti, F and Huang, C and Merkle, C and Anderson, WE},
  booktitle={6th EUROPEAN CONFERENCE FOR AEROSPACE SCIENCES},
  year={2015}
}

@inproceedings{frezzotti2015determination,
  title={Determination of heat release response function from {2D} hybrid {RANS-LES} data for the {CVRC} combustor},
  author={Frezzotti, Maria Luisa and Nasuti, Francesco and Huang, Cheng and Merkle, Charles and Anderson, William E},
  booktitle={51st AIAA/SAE/ASEE Joint Propulsion Conference},
  pages={3841},
  year={2015}
}

@article{delis1998tvd,
  title={{TVD} schemes for open channel flow},
  author={Delis, AI and Skeels, CP},
  journal={International Journal for Numerical Methods in Fluids},
  volume={26},
  number={7},
  pages={791--809},
  year={1998}
}

@article{jiang1996efficient,
  title={Efficient implementation of weighted {ENO} schemes},
  author={Jiang, Guang-Shan and Shu, Chi-Wang},
  journal={Journal of Computational Physics},
  volume={126},
  number={1},
  pages={202--228},
  year={1996},
  publisher={Elsevier}
}

@article{harvazinski2013analysis,
  title={Analysis of self-excited combustion instabilities using two-and three-dimensional simulations},
  author={Harvazinski, Matthew E and Anderson, William E and Merkle, Charles L},
  journal={Journal of Propulsion and Power},
  volume={29},
  number={2},
  pages={396--409},
  year={2013},
  publisher={American Institute of Aeronautics and Astronautics}
}

@article{haasdonk2008reduced,
  title={Reduced basis method for finite volume approximations of parametrized linear evolution equations},
  author={Haasdonk, Bernard and Ohlberger, Mario},
  journal={ESAIM: Mathematical Modelling and Numerical Analysis},
  volume={42},
  number={2},
  pages={277--302},
  year={2008},
  publisher={EDP Sciences}
}

@article{bernardo1998regression,
  title={Regression and classification using {Gaussian} process priors},
  author={Bernardo, J and Berger, J and Dawid, A and Smith, A and others},
  journal={Bayesian statistics},
  volume={6},
  pages={475},
  year={1998}
}

@inproceedings{rasmussen2002infinite,
  title={Infinite mixtures of {Gaussian} process experts},
  author={Rasmussen, Carl E and Ghahramani, Zoubin},
  booktitle={Advances in neural information processing systems},
  pages={881--888},
  year={2002}
}

@inproceedings{yu2008combustion,
  title={Combustion instability of gaseous fuels in a continuously variable resonance chamber ({CVRC})},
  author={Yu, Yen and Koeglmeier, Stefan and Sisco, James and Anderson, William},
  booktitle={44th AIAA/ASME/SAE/ASEE Joint Propulsion Conference \& Exhibit},
  pages={4657},
  year={2008}
}

@phdthesis{garby2013simulations,
  title={Simulations of flame stabilization and stability in high-pressure propulsion systems},
  author={Garby, Romain},
  year={2013},
  school={INPT}
}

@article{eckart1936approximation,
  title={The approximation of one matrix by another of lower rank},
  author={Eckart, Carl and Young, Gale},
  journal={Psychometrika},
  volume={1},
  number={3},
  pages={211--218},
  year={1936},
  publisher={Springer}
}

@article {schmidt1907theorie,
  title = {{On the Theory of Linear and Nonlinear Integral Equations. Part I: Development of arbitrary function according to systems prescribed}},
  author = {Schmidt, Erhard},
  journal = {Mathematical Annals},
  volume = {63},
  pages = {433-476},
  year = {1907}
  }
  
@article {riedmiller1994advanced,
  title={Advanced supervised learning in multi-layer perceptrons-from backpropagation to adaptive learning algorithms},
  author={Riedmiller, Martin},
  journal={Computer Standards \& Interfaces},
  volume={16},
  number={3},
  pages={265--278},
  year={1994},
  publisher={Elsevier}
}

@article{reiss2014conservative,
  title={A conservative, skew-symmetric finite difference scheme for the compressible navier--stokes equations},
  author={Reiss, Julius and Sesterhenn, J{\"o}rn},
  journal={Computers \& Fluids},
  volume={101},
  pages={208--219},
  year={2014},
  publisher={Elsevier}
}

@incollection{sjogreen2010skew,
  title={On skew-symmetric splitting and entropy conservation schemes for the euler equations},
  author={Sj{\"o}green, Bj{\"o}rn and Yee, HC},
  booktitle={Numerical Mathematics and Advanced Applications 2009},
  pages={817--827},
  year={2010},
  publisher={Springer}
}

@article{honein2004higher,
  title={Higher entropy conservation and numerical stability of compressible turbulence simulations},
  author={Honein, Albert E and Moin, Parviz},
  journal={Journal of Computational Physics},
  volume={201},
  number={2},
  pages={531--545},
  year={2004},
  publisher={Elsevier}
}

@book{honein2005numerical,
  title={Numerical aspects of compressible turbulence simulations},
  author={Honein, Albert Edward},
  year={2005}
}

@Article{1705.00498,
  Title                    = {Structure-Preserving Model-Reduction of Dissipative {Hamiltonian} Systems},
  Author                   = {Babak Maboudi Afkham and Jan S. Hesthaven},
  Journal                  = {Springer Journal on Scientific Computing - Accepted},
  Year                     = {2017},

  Eprint                   = {arXiv:1705.00498}
}

@Article{kalashnikova2014stabilization,
  Title                    = {Stabilization of projection-based reduced order models for linear time-invariant systems via optimization-based eigenvalue reassignment},
  Author                   = {Kalashnikova, Irina and van Bloemen Waanders, Bart and Arunajatesan, Srinivasan and Barone, Matthew},
  Journal                  = {Computer Methods in Applied Mechanics and Engineering},
  Year                     = {2014},
  Pages                    = {251--270},
  Volume                   = {272},

  Publisher                = {Elsevier}
}

@Article{farhat2015structure,
  Title                    = {Structure-preserving, stability, and accuracy properties of the energy-conserving sampling and weighting method for the hyper reduction of nonlinear finite element dynamic models},
  Author                   = {Farhat, Charbel and Chapman, Todd and Avery, Philip},
  Journal                  = {International Journal for Numerical Methods in Engineering},
  Year                     = {2015},
  Number                   = {5},
  Pages                    = {1077--1110},
  Volume                   = {102},

  Publisher                = {Wiley Online Library}
}

@Article{doi:10.1137/110836742,
  Title                    = {Interpolation-Based {$\mathcal H_2$}-Model Reduction of Bilinear Control Systems},
  Author                   = {Peter Benner and Tobias Breiten},
  Journal                  = {SIAM Journal on Matrix Analysis and Applications},
  Year                     = {2012},
  Number                   = {3},
  Pages                    = {859-885},
  Volume                   = {33},

  Doi                      = {10.1137/110836742},
  Otpeprint                = { 
 https://doi.org/10.1137/110836742
 
},
  Otpurl                   = { 
 https://doi.org/10.1137/110836742
 
}
}

@InProceedings{beattie2011structure,
  Title                    = {Structure-preserving model reduction for nonlinear port-{Hamiltonian} systems},
  Author                   = {Beattie, Christopher and Gugercin, Serkan},
  Booktitle                = {Decision and Control and European Control Conference (CDC-ECC), 2011 50th IEEE Conference on},
  Year                     = {2011},
  Organization             = {IEEE},
  Pages                    = {6564--6569}
}

@Article{Carlberg:2014ky,
  Title                    = {{Preserving Lagrangian structure in nonlinear model reduction with application to structural dynamics}},
  Author                   = {Carlberg, K and Tuminaro, R and Boggs, P},
  Journal                  = {SIAM Journal on Scientific Computing},
  Year                     = {2015},

  Annote                   = {Submitted to SIAM Journal on Scientific Computing (SISC)}
}

@Article{chaturantabut2016structure,
  Title                    = {Structure-preserving model reduction for nonlinear port-{Hamiltonian} systems},
  Author                   = {Chaturantabut, Saifon and Beattie, Chris and Gugercin, Serkan},
  Journal                  = {SIAM Journal on Scientific Computing},
  Year                     = {2016},
  Number                   = {5},
  Pages                    = {B837--B865},
  Volume                   = {38},

  Publisher                = {SIAM}
}

@Article{gugercin2012structure,
  Title                    = {Structure-preserving tangential interpolation for model reduction of port-{Hamiltonian} systems},
  Author                   = {Gugercin, Serkan and Polyuga, Rostyslav V and Beattie, Christopher and Van Der Schaft, Arjan},
  Journal                  = {Automatica},
  Year                     = {2012},
  Number                   = {9},
  Pages                    = {1963--1974},
  Volume                   = {48},

  Publisher                = {Elsevier}
}

@article{carlberg2018conservative,
  title={Conservative model reduction for finite-volume models},
  author={Carlberg, Kevin and Choi, Youngsoo and Sargsyan, Syuzanna},
  journal={Journal of Computational Physics},
  volume={371},
  pages={280--314},
  year={2018},
  publisher={Elsevier}
}

@book{hairer2006geometric
,	title	= {Geometric numerical integration: structure-preserving algorithms for ordinary differential equations}
,	author	= {Hairer, Ernst and Lubich, Christian and Wanner, Gerhard}
,	volume	= {31}
,	year	= {2006}
,	publisher	= {Springer}
}

@Inbook{Benner2018,
author="Benner, Peter
and Goyal, Pawan",
editor="Keiper, Winfried
and Milde, Anja
and Volkwein, Stefan",
title="An Iterative Model Reduction Scheme forÂ Quadratic-Bilinear Descriptor Systems with an Application to Navier--Stokes Equations",
bookTitle="Reduced-Order Modeling (ROM) for Simulation and Optimization: Powerful Algorithms as Key Enablers for Scientific Computing",
year="2018",
publisher="Springer International Publishing",
address="Cham",
pages="1--19",
}


@article{gardner1998artificial,
  title={Artificial neural networks {(}the multilayer perceptron{)}-a review of applications in the atmospheric sciences},
  author={Gardner, Matt W and Dorling, SR},
  journal={Atmospheric Environment},
  volume={32},
  number={14-15},
  pages={2627--2636},
  year={1998},
  publisher={Elsevier}
}

@book{goodfellow2016deep,
  title={Deep Learning},
    author={Ian Goodfellow and Yoshua Bengio and Aaron Courville},
    publisher={MIT Press},
    year={2016}
}

@article{ioffe2015batch,
  title={Batch normalization: {Accelerating} deep network training by reducing internal covariate shift},
  author={Ioffe, Sergey and Szegedy, Christian},
  journal={arXiv preprint arXiv:1502.03167},
  year={2015}
}

@incollection{bengio2012practical,
  title={Practical recommendations for gradient-based training of deep architectures},
  author={Bengio, Yoshua},
  booktitle={Neural networks: Tricks of the trade},
  pages={437--478},
  year={2012},
  publisher={Springer}
}

@misc{tensorflow2015-whitepaper,
  title={ {TensorFlow}: Large-Scale Machine Learning on Heterogeneous Systems},
  url={https://www.tensorflow.org/},
  note={Software available from tensorflow.org},
  author={
  Mart\'{\i}n~Abadi and
  Ashish~Agarwal and
  Paul~Barham and
  Eugene~Brevdo and
  Zhifeng~Chen and
  Craig~Citro and
  Greg~S.~Corrado and
  Andy~Davis and
  Jeffrey~Dean and
  Matthieu~Devin and
  Sanjay~Ghemawat and
  Ian~Goodfellow and
  Andrew~Harp and
  Geoffrey~Irving and
  Michael~Isard and
  Yangqing Jia and
  Rafal~Jozefowicz and
  Lukasz~Kaiser and
  Manjunath~Kudlur and
  Josh~Levenberg and
  Dandelion~Man\'{e} and
  Rajat~Monga and
  Sherry~Moore and
  Derek~Murray and
  Chris~Olah and
  Mike~Schuster and
  Jonathon~Shlens and
  Benoit~Steiner and
  Ilya~Sutskever and
  Kunal~Talwar and
  Paul~Tucker and
  Vincent~Vanhoucke and
  Vijay~Vasudevan and
  Fernanda~Vi\'{e}gas and
  Oriol~Vinyals and
  Pete~Warden and
  Martin~Wattenberg and
  Martin~Wicke and
  Yuan~Yu and
  Xiaoqiang~Zheng},
  year={2015},
}

@article{kingma2014adam,
  title={Adam: A method for stochastic optimization},
  author={Kingma, Diederik P and Ba, Jimmy},
  journal={arXiv preprint arXiv:1412.6980},
  year={2014}
}

@inproceedings{glorot2010understanding,
  title={Understanding the difficulty of training deep feedforward neural networks},
  author={Glorot, Xavier and Bengio, Yoshua},
  booktitle={Proceedings of the thirteenth international conference on artificial intelligence and statistics},
  pages={249--256},
  year={2010}
}

@article{hsu1995artificial,
  title={Artificial neural network modeling of the rainfall-runoff process},
  author={Hsu, Kuo-lin and Gupta, Hoshin Vijai and Sorooshian, Soroosh},
  journal={Water Resources Research},
  volume={31},
  number={10},
  pages={2517--2530},
  year={1995},
  publisher={Wiley Online Library}
}

@article{shu1988efficient,
  title={Efficient implementation of essentially non-oscillatory shock-capturing schemes},
  author={Shu, Chi-Wang and Osher, Stanley},
  journal={Journal of Computational Physics},
  volume={77},
  number={2},
  pages={439--471},
  year={1988},
  publisher={Elsevier}
}


