%% Created using Papers on Mon, 14 Mar 2016.
%% http://papersapp.com/papers/

@article{Peng:2014di,
author = {Peng, Liqian and Mohseni, Kamran},
title = {{Symplectic Model Reduction of Hamiltonian Systems}},
journal = {SIAM Journal on Scientific Computing},
year = {2016},
volume = {38},
number = {1},
pages = {A1--A27}
}

@book{Quarteroni:2016wi,
author = {Quarteroni, Alfio and Manzoni, Andrea and Negri, Federico},
title = {{Reduced basis methods for partial differential equations}},
publisher = {Springer, Cham},
year = {2016},
volume = {92},
series = {Unitext},
annote = {An introduction, La Matematica per il 3+2}
}

@book{Anonymous:2016wl,
  title={Certified Reduced Basis Methods for Parametrized Partial Differential Equations},
  author={Hesthaven, J.S. and Rozza, G. and Stamm, B.},
  isbn={9783319224701},
  series={SpringerBriefs in Mathematics},
  url={https://books.google.ch/books?id=KqtnCgAAQBAJ},
  year={2015},
  publisher={Springer International Publishing}
}

@article{Long:2015ei,
author = {Long, Quan and Motamed, Mohammad and Tempone, Ra{\'u}l},
title = {{Fast Bayesian optimal experimental design for seismic source inversion}},
journal = {Computer Methods in Applied Mechanics and Engineering},
year = {2015},
volume = {291},
pages = {123--145},
month = jul
}

@article{Carlberg:2014ky,
author = {Carlberg, K and Tuminaro, R and Boggs, P},
title = {{Preserving Lagrangian structure in nonlinear model reduction with application to structural dynamics}},
journal = {SIAM Journal on Scientific Computing},
year = {2015},
annote = {Submitted to SIAM Journal on Scientific Computing (SISC)}
}

@techreport{Anonymous:RiCo52UR,
title = {{Microsoft Word - SSABrief.docx}},
year = {2014},
month = aug
}

@article{Burrage:2014fg,
author = {Burrage, Kevin and Lythe, Grant},
title = {{Accurate stationary densities with partitioned numerical methods for stochastic partial differential equations}},
journal = {Stochastic Partial Differential Equations: Analysis and Computations},
year = {2014},
volume = {2},
number = {2},
pages = {262--280},
month = may
}

@article{Anonymous:tW43v1ou,
title = {{bok%3A978-3-319-02090-7}},
year = {2014},
pages = {1--338},
month = feb
}

@article{Horwood:2014ji,
author = {Horwood, Joshua T and Poore, Aubrey B},
title = {{Gauss von Mises Distribution for Improved Uncertainty Realism in Space Situational Awareness}},
journal = {SIAM/ASA Journal on Uncertainty Quantification},
year = {2014},
volume = {2},
number = {1},
pages = {276--304},
month = jan
}

@article{Anonymous:MpLS1rsm,
title = {{Reduced Order Modelling using a Greedy Approach applied to the Lorenz{\textquoteright}s Attractor}},
year = {2014},
pages = {1--37},
month = jan
}

@article{Jones:2013fu,
author = {Jones, Brandon A and Doostan, Alireza},
title = {{Satellite collision probability estimation using polynomial chaos expansions}},
journal = {Advances in Space Research},
year = {2013},
volume = {52},
number = {11},
pages = {1860--1875},
month = dec
}

@article{DeMars:2013dl,
author = {DeMars, Kyle J and Bishop, Robert H and Jah, Moriba K},
title = {{Entropy-Based Approach for Uncertainty Propagation of Nonlinear Dynamical Systems}},
journal = {Journal of Guidance, Control, and Dynamics},
year = {2013},
volume = {36},
number = {4},
pages = {1047--1057},
month = jul
}

@incollection{Stahl:2013ig,
author = {Stahl, Saul and Stenson, Catherine},
title = {{The Differential Geometry of Surfaces}},
booktitle = {Introduction to Topology and Geometry},
year = {2013},
pages = {205--257},
publisher = {John Wiley {\&} Sons, Inc.},
address = {Hoboken, NJ, USA},
month = may
}

@book{Anonymous:2013ts,
author = {Stahl, Saul and Stenson, Catherine},
title = {{Introduction to Topology and Geometry}},
publisher = {John Wiley {\&} Sons, Inc.},
year = {2013},
series = {Stahl/Introduction},
address = {Hoboken, NJ, USA},
month = mar
}

@article{Audouze:2013el,
author = {Audouze, Christophe and De Vuyst, Florian and Nair, Prasanth B},
title = {{Nonintrusive reduced-order modeling of parametrized time-dependent partial differential equations}},
journal = {Numerical Methods for Partial Differential Equations},
year = {2013},
volume = {29},
number = {5},
pages = {1587--1628},
month = feb
}

@article{Majji:2012fm,
author = {Majji, Manoranjan and Junkins, John L and Turner, James D},
title = {{A high order method for estimation of dynamic systems}},
journal = {The Journal of the Astronautical Sciences},
year = {2012},
volume = {56},
number = {3},
pages = {401--440},
month = aug
}

@article{Amsallem:2012dc,
author = {Amsallem, David and Zahr, Matthew J and Farhat, Charbel},
title = {{Nonlinear model order reduction based on local reduced-order bases}},
journal = {International Journal for Numerical Methods in Engineering},
year = {2012},
volume = {92},
number = {10},
pages = {891--916},
month = jun
}

@article{Amsallem:2012dca,
author = {Amsallem, David and Zahr, Matthew J and Farhat, Charbel},
title = {{Nonlinear model order reduction based on local reduced-order bases}},
journal = {International Journal for Numerical Methods in Engineering},
year = {2012},
volume = {92},
number = {10},
pages = {891--916},
month = jun
}

@article{Anonymous:5X9SPkAo,
title = {{arXiv:1205.1418v1 [physics.class-ph] 7 May 2012}},
year = {2012},
pages = {1--22},
month = may
}

@article{Hubaux:2012iy,
author = {Hubaux, Ch and Lema{\^\i}tre, A and Delsate, N and Carletti, T},
title = {{Symplectic integration of space debris motion considering several Earth{\textquoteright}s shadowing models}},
journal = {Advances in Space Research},
year = {2012},
volume = {49},
number = {10},
pages = {1472--1486},
month = may
}

@book{Anonymous:2012tb,
title = {{Approximation of Large-Scale Dynamical Systems}},
publisher = {Society for Industrial and Applied Mathematics},
year = {2012},
month = mar
}

@incollection{Antoulas:2012in,
author = {Antoulas, Athanasios C},
title = {{9. Special Topics in SVD-Based Approximation Methods}},
booktitle = {Approximation of Large-Scale Dynamical Systems},
year = {2012},
pages = {277--310},
publisher = {Society for Industrial and Applied Mathematics},
month = mar
}

@book{Faou:2012vh,
author = {Faou, Erwan},
title = {{Geometric Numerical Integration and Schr{\"o}dinger Equations}},
publisher = {European Mathematical Society},
year = {2012}
}

@incollection{deGosson:2011ea,
author = {de Gosson, Maurice A},
title = {{The Symplectic Group}},
booktitle = {Free Symplectic Matrices},
year = {2011},
pages = {19--30},
publisher = {Springer Basel},
address = {Basel},
month = jul
}

@book{Anonymous:2011wq,
title = {{Symplectic Methods in Harmonic Analysis and in Mathematical Physics}},
publisher = {Springer Basel},
year = {2011},
address = {Basel},
month = jul
}

@incollection{deGosson:2011hq,
author = {de Gosson, Maurice A},
title = {{Free Symplectic Matrices}},
booktitle = {Symplectic Methods in Harmonic Analysis and in Mathematical Physics},
year = {2011},
pages = {31--40},
publisher = {Springer Basel},
address = {Basel},
month = jul
}

@article{Anonymous:Y9GjzRlR,
title = {{{\"U}ncertainty Quantification in Computational Science}},
year = {2011},
pages = {1--80},
month = jul
}

@article{Anonymous:nK5JEk3Q,
title = {{bok%3A978-3-7643-9992-4}},
year = {2011},
pages = {1--351},
month = jun
}

@incollection{Satoh:2011ji,
author = {Satoh, Akira},
title = {{Practice of Molecular Dynamics Simulations}},
booktitle = {Introduction to Practice of Molecular Simulation},
year = {2011},
pages = {49--104},
publisher = {Elsevier}
}

@book{Rapaport:2011fj,
author = {Rapaport, D C},
title = {{The Art of Molecular Dynamics Simulation}},
publisher = {Cambridge University Press},
year = {2011},
address = {Cambridge}
}

@book{Anonymous:2011tg,
title = {{Introduction to Practice of Molecular Simulation}},
publisher = {Elsevier},
year = {2011}
}

@book{Holtz:2011cz,
author = {Holtz, Markus},
title = {{Sparse Grid Quadrature in High Dimensions with Applications in Finance and Insurance}},
publisher = {Springer Berlin Heidelberg},
year = {2011},
volume = {77},
series = {Lecture Notes in Computational Science and Engineering},
address = {Berlin, Heidelberg}
}

@article{:2010ve,
author = {50, Pat Hufnagle Sherman Typography 893 1998 May 29 10 37},
title = {{Linear Dynamical Systems: Part 1}},
year = {2010},
pages = {1--64},
month = jul
}

@article{:2010we,
author = {50, Pat Hufnagle Sherman Typography 893 1998 May 29 10 37},
title = {{Linear Dynamical Systems: Part 2}},
year = {2010},
pages = {1--50},
month = jul
}

@article{:2010tt,
author = {50, Pat Hufnagle Sherman Typography 893 1998 May 29 10 37},
title = {{Eigenvalue Computations}},
year = {2010},
pages = {1--29},
month = jul
}

@article{:2010vyb,
author = {50, Pat Hufnagle Sherman Typography 893 1998 May 29 10 37},
title = {{C:ANTOULASMAIN.DVI}},
year = {2010},
pages = {1--19},
month = jul
}

@article{:2010uw,
author = {50, Pat Hufnagle Sherman Typography 893 1998 May 29 10 37},
title = {{Balancing and Balanced Approximations}},
year = {2010},
pages = {1--41},
month = jul
}

@article{:2010vy,
author = {50, Pat Hufnagle Sherman Typography 893 1998 May 29 10 37},
title = {{C:ANTOULASMAIN.DVI}},
year = {2010},
pages = {1--7},
month = jul
}

@article{:2010us,
author = {50, Pat Hufnagle Sherman Typography 893 1998 May 29 10 37},
title = {{Sylvester and Lyapunov Equations}},
year = {2010},
pages = {1--32},
month = jul
}

@article{:2010wa,
author = {50, Pat Hufnagle Sherman Typography 893 1998 May 29 10 37},
title = {{Tools from Matrix Theory}},
year = {2010},
pages = {1--31},
month = jul
}

@article{:2010wn,
author = {50, Pat Hufnagle Sherman Typography 893 1998 May 29 10 37},
title = {{Model Reduction Using Krylov Methods}},
year = {2010},
pages = {1--19},
month = jul
}

@article{:2010vp,
author = {50, Pat Hufnagle Sherman Typography 893 1998 May 29 10 37},
title = {{Motivating Examples}},
year = {2010},
pages = {1--14},
month = jul
}

@article{:2010vyc,
author = {50, Pat Hufnagle Sherman Typography 893 1998 May 29 10 37},
title = {{C:ANTOULASMAIN.DVI}},
year = {2010},
pages = {1--24},
month = jul
}

@article{:2010vyd,
author = {50, Pat Hufnagle Sherman Typography 893 1998 May 29 10 37},
title = {{C:ANTOULASMAIN.DVI}},
year = {2010},
pages = {1--8},
month = jul
}

@article{Mohebbi:2010fl,
author = {Mohebbi, Akbar and Dehghan, Mehdi},
title = {{High-order solution of one-dimensional sine{\textendash}Gordon equation using compact finite difference and DIRKN methods}},
journal = {Mathematical and Computer Modelling},
year = {2010},
volume = {51},
number = {5-6},
pages = {537--549},
month = mar
}

@article{Chaturantabut:2010cz,
author = {Chaturantabut, Saifon and Sorensen, Danny C},
title = {{Nonlinear Model Reduction via Discrete Empirical Interpolation}},
journal = {SIAM Journal on Scientific Computing},
year = {2010},
volume = {32},
number = {5},
pages = {2737--2764},
month = jan
}

@book{Anonymous:2010ua,
title = {{An Introduction to Hankel Operators}},
publisher = {Cambridge University Press},
year = {2010},
address = {Cambridge}
}

@incollection{Partington:2010kf,
author = {Partington, Jonathan R},
title = {{Hankel-norm Approximation}},
booktitle = {An Introduction to Hankel Operators},
year = {2010},
pages = {55--65},
publisher = {Cambridge University Press},
address = {Cambridge}
}

@book{Antoulas:2005:ALD:1088857,
author = {Antoulas, Athanasios C},
title = {{Approximation of Large-Scale Dynamical Systems}},
publisher = {SIAM},
year = {2009},
month = jun
}

@article{Anonymous:FrFkfFiY,
title = {{Sympl2158439}},
year = {2008},
pages = {1--21},
month = feb
}

@incollection{Mechel:2008el,
title = {{Pod Silencer Pod Silencer}},
booktitle = {Formulas of Acoustics},
year = {2008},
editor = {Mechel, Fridolin P},
pages = {832--833},
publisher = {Springer Berlin Heidelberg},
address = {Berlin, Heidelberg}
}

@article{Dirnstorfer:2008cm,
author = {Dirnstorfer, Stefan and Grau, Andreas J},
title = {{Accelerated Option Pricing in Multiple Scenarios}},
journal = {SSRN Electronic Journal},
year = {2008}
}

@book{Anonymous:2008wq,
title = {{Formulas of Acoustics}},
publisher = {Springer Berlin Heidelberg},
year = {2008},
address = {Berlin, Heidelberg}
}

@article{Anonymous:YSCmax5-,
title = {{2153506}},
year = {2007},
pages = {1--5},
month = oct
}

@article{Anonymous:FVZfDAqa,
title = {{Calculation of Gauss QuadratureRules*}},
year = {2007},
pages = {1--21},
month = oct
}

@book{de2006symplectic,
  title={Symplectic Geometry and Quantum Mechanics},
  author={de Gosson, M.A.},
  isbn={9783764375751},
  lccn={2006046521},
  series={Operator Theory: Advances and Applications},
  url={https://books.google.ch/books?id=q9SHRvay75IC},
  year={2006},
  publisher={Birkh{\"a}user Basel}
}

@article{Anonymous:8-TU2wv7,
title = {{bok%3A978-3-7643-7575-1}},
year = {2006},
pages = {1--375},
month = jul
}

@book{Hairer:1250576,
author = {Hairer, Ernst and Lubich, Christian and Wanner, Gerhard},
title = {{Geometric Numerical Integration: Structure-Preserving Algorithms for Ordinary Differential Equations; 2nd ed.}},
publisher = {Springer},
year = {2006},
address = {Dordrecht}
}

@book{de2006symplectic,
author = {de Gosson, Maurice},
title = {{Symplectic geometry and quantum mechanics}},
publisher = {Birkh\"auser Verlag, Basel},
year = {2006},
volume = {166},
series = {Operator Theory: Advances and Applications},
address = {Basel}
}

@article{Rozza:2005ie,
author = {Rozza, Gianluigi},
title = {{Reduced-basis methods for elliptic equations in sub-domains with a posteriori error bounds and adaptivity}},
journal = {Applied Numerical Mathematics},
year = {2005},
volume = {55},
number = {4},
pages = {403--424},
month = dec
}

@article{Ascher:2005gu,
author = {Ascher, U M and McLachlan, R I},
title = {{On Symplectic and Multisymplectic Schemes for the KdV Equation}},
journal = {Journal of Scientific Computing},
year = {2005},
volume = {25},
number = {1},
pages = {83--104},
month = oct
}

@article{:2005vy,
author = {50, Pat Hufnagle Sherman Typography 893 1998 May 29 10 37},
title = {{C:ANTOULASMAIN.DVI}},
year = {2005},
pages = {1--39},
month = may
}

@incollection{Cuong:2005gd,
author = {Cuong, Nguyen Ngoc and Veroy, Karen and Patera, Anthony T},
title = {{Certified Real-Time Solution of Parametrized Partial Differential Equations}},
booktitle = {Handbook of Materials Modeling},
year = {2005},
pages = {1529--1564},
publisher = {Springer Netherlands},
address = {Dordrecht}
}

@book{Anonymous:2005wk,
title = {{Handbook of Materials Modeling}},
publisher = {Springer Netherlands},
year = {2005}
}

@article{Anonymous:BKK5_r11,
title = {{jcm1005.PP}},
year = {2004},
pages = {1--8},
month = oct
}

@book{Anonymous:2004wh,
title = {{Statistical Orbit Determination}},
publisher = {Elsevier},
year = {2004}
}

@incollection{Anonymous:2004jw,
title = {{Index}},
booktitle = {Statistical Orbit Determination},
year = {2004},
pages = {541--547},
publisher = {Elsevier}
}

@article{Anonymous:galjn12g,
title = {{MD-working_material}},
year = {2003},
pages = {1--58},
month = mar
}

@article{Lall:2003iy,
author = {Lall, S and Krysl, P and Marsden, J E},
title = {{Structure-preserving model reduction for mechanical systems}},
journal = {Physica D: Nonlinear Phenomena},
year = {2003}
}

@article{Ravindran:2002hn,
author = {Ravindran, S S},
title = {{Adaptive reduced-order controllers for a thermal flow system using proper orthogonal decomposition}},
journal = {SIAM Journal on Scientific Computing},
year = {2002},
volume = {23},
number = {6},
pages = {1924--1942 (electronic)}
}

@article{Kunisch:2002er,
author = {Kunisch, K and Volkwein, S},
title = {{Galerkin proper orthogonal decomposition methods for a general equation in fluid dynamics}},
journal = {SIAM Journal on Numerical Analysis},
year = {2002},
volume = {40},
number = {2},
pages = {492--515}
}

@article{Atwell:2001ja,
author = {Atwell, J A and King, B B},
title = {{Proper orthogonal decomposition for reduced basis feedback controllers for parabolic equations}},
journal = {Mathematical and Computer Modelling},
year = {2001},
volume = {33},
number = {1-3},
pages = {1--19},
annote = {Computation and control, VI (Bozeman, MT, 1998)}
}

@book{Silva01lectureson,
author = {Cannas da Silva, Ana},
title = {{Lectures on symplectic geometry}},
publisher = {Springer-Verlag, Berlin},
year = {2001},
volume = {1764},
series = {Lecture Notes in Mathematics},
address = {Berlin, Heidelberg}
}

@article{Ito:2001ev,
author = {Ito, K and Ravindran, S S},
title = {{Reduced basis method for optimal control of unsteady viscous flows}},
journal = {International Journal of Computational Fluid Dynamics},
year = {2001},
volume = {15},
number = {2},
pages = {97--113}
}

@book{Anonymous:2000uj,
title = {{Satellite Orbits}},
publisher = {Springer Berlin Heidelberg},
year = {2000},
address = {Berlin, Heidelberg}
}

@incollection{Montenbruck:2000fp,
author = {Montenbruck, Oliver and Gill, Eberhard},
title = {{Applications}},
booktitle = {Satellite Orbits},
year = {2000},
pages = {293--318},
publisher = {Springer Berlin Heidelberg},
address = {Berlin, Heidelberg}
}

@book{Marsden:1999ck,
author = {Marsden, Jerrold E and Ratiu, Tudor S},
title = {{Introduction to mechanics and symmetry}},
publisher = {Springer-Verlag, New York},
year = {1999},
volume = {17},
series = {Texts in Applied Mathematics},
address = {New York, NY},
edition = {Second},
annote = {A basic exposition of classical mechanical systems}
}

@article{Ito:1998ch,
author = {Ito, K and Ravindran, S S},
title = {{A reduced-order method for simulation and control of fluid flows}},
journal = {Journal of Computational Physics},
year = {1998},
volume = {143},
number = {2},
pages = {403--425}
}

@incollection{Ito:1998up,
author = {Ito, K and Ravindran, S S},
title = {{A reduced basis method for control problems governed by PDEs}},
booktitle = {Control and estimation of distributed parameter systems (Vorau, 1996)},
year = {1998},
pages = {153--168},
publisher = {Birkh\"auser, Basel}
}

@incollection{Mitropolsky:1995bh,
author = {Mitropolsky, Yu A and Lopatin, A K},
title = {{Introduction}},
booktitle = {Nonlinear Mechanics, Groups and Symmetry},
year = {1995},
pages = {1--12},
publisher = {Springer Netherlands},
address = {Dordrecht}
}

@book{Anonymous:1995wt,
title = {{Nonlinear Mechanics, Groups and Symmetry}},
publisher = {Springer Netherlands},
year = {1995},
address = {Dordrecht}
}

@article{Platt:1993fg,
author = {Platt, M L},
title = {{SHORT ESSAY TOPICS FOR CALCULUS*}},
journal = {PRIMUS},
year = {1993},
volume = {3},
number = {1},
pages = {42--46},
month = jan
}

@article{JAH:1991hi,
author = {JAH},
title = {{Hans Erich Haas}},
journal = {Psychiatric Bulletin},
year = {1991},
volume = {15},
number = {3},
pages = {185--186},
month = mar
}

@article{Yoshida:1990cj,
author = {Yoshida, Haruo},
title = {{Construction of higher order symplectic integrators}},
journal = {Physics Letters A},
year = {1990},
volume = {150},
number = {5-7},
pages = {262--268},
month = nov
}

@article{Forest:1990du,
author = {Forest, Etienne and Ruth, Ronald D},
title = {{Fourth-order symplectic integration}},
journal = {Physica D: Nonlinear Phenomena},
year = {1990},
volume = {43},
number = {1},
pages = {105--117},
month = may
}

@article{Peterson:1989ki,
author = {Peterson, Janet S},
title = {{The reduced basis method for incompressible viscous flow calculations}},
journal = {Society for Industrial and Applied Mathematics. Journal on Scientific and Statistical Computing},
year = {1989},
volume = {10},
number = {4},
pages = {777--786}
}

@book{Pinkus:1985vy,
author = {Pinkus, Allan},
title = {{N-widths in approximation theory}},
year = {1985}
}

@article{Riess:1971cn,
author = {Riess, R D and Johnson, L W},
title = {{Error estimates for Clenshaw-Curtis quadrature}},
journal = {Numerische Mathematik},
year = {1971},
volume = {18},
number = {4},
pages = {345--353},
month = aug
}

@article{Luther:1968cj,
author = {Luther, H A},
title = {{An Explicit Sixth-Order Runge-Kutta Formula}},
journal = {Mathematics of Computation},
year = {1968},
volume = {22},
number = {102},
pages = {434},
month = apr
}

@article{Luther:1968cja,
author = {Luther, H A},
title = {{An Explicit Sixth-Order Runge-Kutta Formula}},
journal = {Mathematics of Computation},
year = {1968},
volume = {22},
number = {102},
pages = {434},
month = apr
}

@article{Kolmogoroff:1936fj,
author = {Kolmogoroff, A},
title = {{\"Uber die beste Ann\"aherung von Funktionen einer gegebenen Funktionenklasse}},
journal = {Annals of Mathematics. Second Series},
year = {1936},
volume = {37},
number = {1},
pages = {107--110}
}

@article{Anonymous:pMn0O0Q4,
author = {Prajna, Stephen},
title = {{POD model reduction with stability guarantee}},
journal = {42nd IEEE International Conference on Decision and Control},
volume = {5},
pages = {5254--5258 Vol.5}
}

@inproceedings{Cai:ku,
author = {Cai, Long and White, Ralph E},
title = {{Model Reduction via Proper Orthogonal Decomposition for the Lithium Ion Battery}},
booktitle = {213th ECS Meeting},
pages = {13--26},
publisher = {ECS}
}

@inproceedings{Gorgey:fh,
author = {Gorgey, A and Chan, R P K},
title = {{Active and passive symmetrization of Runge-Kutta Lobatto IIIA methods}},
booktitle = {NUMERICAL ANALYSIS AND APPLIED MATHEMATICS ICNAAM 2012: International Conference of Numerical Analysis and Applied Mathematics},
pages = {234--237},
publisher = {AIP}
}

@book{Anonymous:IKNDp2at,
title = {{Control and estimation of distributed parameter systems (Vorau, 1996)}},
publisher = {Birkh\"auser, Basel}
}

@inproceedings{Madankan:gd,
author = {Madankan, R and Singla, P and Singh, T and Scott, P},
title = {{Polynomial chaos based method for state and parameter estimation}},
booktitle = {2012 American Control Conference - ACC 2012},
pages = {6358--6363},
publisher = {IEEE}
}

@article{Polyuga:2010gj,
author = {Polyuga, Rostyslav V and van der Schaft, Arjan},
title = {{Structure preserving model reduction of port-Hamiltonian systems by moment matching at infinity}},
journal = {Automatica},
year = {2010},
volume = {46},
number = {4},
pages = {665--672},
month = apr
}


@article{Chaturantabut:2016he,
author = {Chaturantabut, S and Beattie, C and Gugercin, S},
title = {{Structure-Preserving Model Reduction for Nonlinear Port-Hamiltonian Systems}},
journal = {SIAM Journal on Scientific Computing},
year = {2016},
volume = {38},
number = {5},
pages = {B837--B865},
month = jan
}

@article{Karow:2006cf,
author = {Karow, Michael and Kressner, Daniel and Tisseur, Fran{\c c}oise},
title = {{Structured eigenvalue condition numbers}},
journal = {SIAM Journal on Matrix Analysis and Applications},
year = {2006},
volume = {28},
number = {4},
pages = {1052--1068 (electronic)}
}


@article{Barrault:2004kz,
author = {Barrault, Maxime and Maday, Yvon and Nguyen, Ngoc Cuong and Patera, Anthony T},
title = {{An {\textquoteleft}empirical interpolation{\textquoteright} method: application to efficient reduced-basis discretization of partial differential equations}},
journal = {Comptes Rendus Mathematique},
year = {2004},
volume = {339},
number = {9},
pages = {667--672},
month = nov
}

@book{Markovsky:2011:LRA:2103589,
 author = {Markovsky, Ivan},
 title = {Low Rank Approximation: Algorithms, Implementation, Applications},
 year = {2011},
 isbn = {1447122267, 9781447122265},
 publisher = {Springer Publishing Company, Incorporated},
} 

@book{da2003introduction,
  title={Introduction to Symplectic and Hamiltonian Geometry},
  author={da Silva, A.C.},
  isbn={9788524401954},
  series={Publica{\c{c}}{\~o}es matem{\'a}ticas},
  url={https://books.google.ch/books?id=\_X8QAgAACAAJ},
  year={2003},
  publisher={IMPA}
}

@book{abraham1978foundations,
  title={Foundations of Mechanics},
  author={Abraham, R. and Marsden, J.E.},
  isbn={9780821844380},
  lccn={2008005206},
  series={AMS Chelsea publishing},
  url={https://books.google.ch/books?id=YAEKBAAAQBAJ},
  year={1978},
  publisher={AMS Chelsea Pub./American Mathematical Society}
}

@book{bhatia2002stability,
  title={Stability Theory of Dynamical Systems},
  author={Bhatia, N.P. and Szeg{\"o}, G.P.},
  isbn={9783540427483},
  lccn={2001055041},
  series={Classics in Mathematics},
  url={https://books.google.ch/books?id=wP5dwTS6jg0C},
  year={2002},
  publisher={Springer Berlin Heidelberg}
}

@article{Benner:2000ww,
author = {Benner, Peter and Byers, Ralph and Fa{\ss}bender, Heike and Mehrmann, Volker and Watkins, David},
title = {{Cholesky-like factorizations of skew-symmetric matrices}},
journal = {Electronic Transactions on Numerical Analysis},
year = {2000},
volume = {11},
pages = {85--93 (electronic)}
}

@article{Benner:1997ef,
author = {Benner, Peter and Mehrmann, Volker and Xu, Hongguo},
title = {{A new method for computing the stable invariant subspace of a real Hamiltonian matrix}},
journal = {Journal of Computational and Applied Mathematics},
year = {1997},
volume = {86},
number = {1},
pages = {17--43}
}

@article{Watkins:2004kz,
author = {Watkins, David S},
title = {{On Hamiltonian and symplectic Lanczos processes}},
journal = {Linear Algebra and its Applications},
year = {2004},
volume = {385},
pages = {23--45},
month = jul
}

@article{BunseGerstner:1986dg,
author = {Bunse-Gerstner, Angelika},
title = {{Matrix factorizations for symplectic QR-like methods}},
journal = {Linear Algebra and its Applications},
year = {1986},
volume = {83},
pages = {49--77}
}

@article{Xu:2003kx,
author = {Xu, Hongguo},
title = {{An SVD-like matrix decomposition and its applications}},
journal = {Linear Algebra and its Applications},
year = {2003},
volume = {368},
pages = {1--24}
}

@article{Matsuo:2014wl,
author = {Matsuo, Yoichi and Nodera, Takashi},
title = {{Block symplectic Gram-Schmidt method}},
journal = {ANZIAM Journal. Electronic Supplement},
year = {2014},
volume = {56},
number = {(C)},
pages = {C416--C430}
}

@Article{Salam2014,
author="Salam, A.
and Al-Aidarous, E.",
title="Equivalence between modified symplectic Gram-Schmidt and Householder SR algorithms",
journal="BIT Numerical Mathematics",
year="2014",
volume="54",
number="1",
pages="283--302",
abstract="The SR factorization for a given matrix A is a QR-like factorization A=SR, where the matrix S is symplectic and R is J-upper triangular. This factorization is fundamental for some important structure-preserving methods in linear algebra and is usually implemented via the symplectic Gram-Schmidt algorithm (SGS).",
issn="1572-9125",
doi="10.1007/s10543-013-0441-5",
url="http://dx.doi.org/10.1007/s10543-013-0441-5"
}

@article{Benner:2010wc,
author = {Benner, Peter and Effenberger, Cedric},
title = {{A rational SHIRA method for the Hamiltonian eigenvalue problem}},
journal = {Taiwanese Journal of Mathematics},
year = {2010},
volume = {14},
number = {3A},
pages = {805--823}
}

@article{Mehrmann:2000dv,
author = {Mehrmann, Volker and Watkins, David},
title = {{Structure-preserving methods for computing eigenpairs of large sparse skew-Hamiltonian/Hamiltonian pencils}},
journal = {SIAM Journal on Scientific Computing},
year = {2000},
volume = {22},
number = {6},
pages = {1905--1925 (electronic)}
}
