@book{Marsden:2010:IMS:1965128,
 author = {Marsden, Jerrold E. and Ratiu, Tudor S.},
 title = {Introduction to Mechanics and Symmetry: A Basic Exposition of Classical Mechanical Systems},
 year = {2010},
 isbn = {1441931430, 9781441931436},
 publisher = {Springer Publishing Company, Incorporated},
} 

@book{de2006symplectic,
  title={Symplectic Geometry and Quantum Mechanics},
  author={de Gosson, M.A.},
  isbn={9783764375751},
  lccn={2006046521},
  series={Operator Theory: Advances and Applications},
  year={2006},
  publisher={Birkh{\"a}user Basel}
}

@book{Hairer:1250576,
author = {Hairer, Ernst and Lubich, Christian and Wanner, Gerhard},
title = {{Geometric Numerical Integration: Structure-Preserving Algorithms for Ordinary Differential Equations; 2nd ed.}},
publisher = {Springer},
year = {2006},
address = {Dordrecht}
}

@article{Figotin:2005,
author = {Figotin, Alex and Schenker, Jeffrey H},
title = {Spectral Theory of Time Dispersive and Dissipative Systems},
journal = {Statistical Physics},
year = {2005},
volume = {118},
}

@article{Figotin:2006jy,
author = {Figotin, Alex and Schenker, Jeffrey H},
title = {{Hamiltonian structure for dispersive and dissipative dynamical systems}},
journal = {arXiv.org},
year = {2006},
month = {aug},
annote = {68 pages, 1 figure; introduction revised, typos corrected}
}

@article{Peng:2014di,
author = {Peng, Liqian and Mohseni, Kamran},
title = {{Symplectic Model Reduction of Hamiltonian Systems}},
journal = {SIAM Journal on Scientific Computing},
year = {2016},
volume = {38},
number = {1},
pages = {A1--A27}
}

@book{hesthaven2015certified,
  title={Certified Reduced Basis Methods for Parametrized Partial Differential Equations},
  author={Hesthaven, J.S. and Rozza, G. and Stamm, B.},
  isbn={9783319224701},
  series={SpringerBriefs in Mathematics},
  year={2015},
  publisher={Springer International Publishing}
}

@book{quarteroni2015reduced,
  title={Reduced Basis Methods for Partial Differential Equations: An Introduction},
  author={Quarteroni, A. and Manzoni, A. and Negri, F.},
  isbn={9783319154312},
  lccn={2015930287},
  series={UNITEXT},
  year={2015},
  publisher={Springer International Publishing}
}

@article{lamb:1900,
title = {On a Peculiarity of the Wave-System due to the Free Vibrations of a Nucleus in an Extended Medium},
author = {Lamb, H.},
journal = {Proc. Lond. Math. Soc. XXXII},
year = {1900},
pages = {208-211}
}

@book{bhatia2002stability,
  title={Stability Theory of Dynamical Systems},
  author={Bhatia, N.P. and Szeg{\"o}, G.P.},
  isbn={9783540427483},
  lccn={2001055041},
  series={Classics in Mathematics},
  year={2002},
  publisher={Springer Berlin Heidelberg}
}

@book{Markovsky:2011:LRA:2103589,
 author = {Markovsky, Ivan},
 title = {Low Rank Approximation: Algorithms, Implementation, Applications},
 year = {2011},
 isbn = {1447122267, 9781447122265},
 publisher = {Springer Publishing Company, Incorporated},
} 

@book{strang09,
  address = {Wellesley, MA},
  author = {Strang, Gilbert},
  edition = {Fourth},
  publisher = {Wellesley-Cambridge Press},
  title = {Introduction to Linear Algebra},
  year = 2009
}

@article{Karow:2006cf,
author = {Karow, Michael and Kressner, Daniel and Tisseur, Fran{\c c}oise},
title = {{Structured eigenvalue condition numbers}},
journal = {SIAM Journal on Matrix Analysis and Applications},
year = {2006},
volume = {28},
number = {4},
pages = {1052--1068 (electronic)}
}

@book{da2003introduction,
  title={Introduction to Symplectic and Hamiltonian Geometry},
  author={da Silva, A.C.},
  isbn={9788524401954},
  series={Publica{\c{c}}{\~o}es matem{\'a}ticas},
  year={2003},
  publisher={IMPA}
}

@inproceedings{peng2016geometric,
  title={Geometric model reduction of forced and dissipative Hamiltonian systems},
  author={Peng, Liqian and Mohseni, Kamran},
  booktitle={Decision and Control (CDC), 2016 IEEE 55th Conference on},
  pages={7465--7470},
  year={2016},
  organization={IEEE}
}
